@Article{Mao,
author ={{Liu, Maoyuan}},
title ={{This {{\LaTeX}} thesis template}},
journal ={{Macbook Pro}},
year ={{2015}},
volume ={{1}},
pages ={{50}}
}
@Article{Lucas1,
author={{Lucas, George}},
title = {{Star Wars Episode I: The Phantom Menace}},
journal ={{Lucasfilm}},
year ={{1999}},
volume ={{1}},
pages ={{1}}
}
@Article{Lucas2,
author={{Lucas, George}},
title ={{Star Wars Episode II: Attack of the Clones}},
journal ={{Lucasfilm}},
year ={{2002}},
volume ={{2}},
pages ={{2}}
}
@Article{Lucas3,
author={{Lucas, George}},
title ={{Star Wars Episode III: Revenge of the Sith}},
journal ={{Lucasfilm}},
year ={{2005}},
volume ={{3}},
pages ={{3}}
}
@Article{Lucas4,
author={{Lucas, George}},
title ={{Star Wars Episode IV: A New Hope}},
journal ={{Lucasfilm}},
year ={{1977}},
volume ={{4}},
pages ={{4}}
}
@Article{Lucas5,
author={{Lucas, George}},
title ={{Star Wars Episode V: The Empire Strikes Back}},
journal ={{Lucasfilm}},
year ={{1980}},
volume ={{5}},
pages ={{5}}
}
@Article{Lucas6,
author={{Lucas, George}},
title ={{Star Wars Episode VI: Return of the Jedi}},
journal ={{Lucasfilm}},
year ={{1983}},
volume ={{6}},
pages ={{6}}
}
@Article{Lucas7,
author={{Lucas, George}},
title ={{Star Wars Episode VII: The Force Awakens}},
journal ={{Lucasfilm}},
year ={{2015}},
volume ={{7}},
pages ={{7}}
}
@Article{Lucas8,
author={{Lucas, George}},
title ={{Star Wars Episode VIII: Unamed}},
journal ={{Lucasfilm}},
year ={{2017}},
volume ={{8}},
pages ={{8}}
}
